/home/vitay/Biblio/bibtex/Library.bib